<record xmlns="http://www.loc.gov/MARC21/slim">
   <leader>03416cam a2200433 i 4500</leader>
   <controlfield tag="001">6529933</controlfield>
   <controlfield tag="003">LTSCA</controlfield>
   <controlfield tag="005">20140324082055.0</controlfield>
   <controlfield tag="008">130911s2015    onca     b    001 e eng  </controlfield>
   <datafield ind1=" " ind2=" " tag="016">
      <subfield code="a">2013904874X</subfield>
   </datafield>
   <datafield ind1=" " ind2=" " tag="020">
      <subfield code="a">9780176507350 (pbk.)</subfield>
   </datafield>
   <datafield ind1=" " ind2=" " tag="020">
      <subfield code="a">0176507353 (pbk.)</subfield>
   </datafield>
   <datafield ind1=" " ind2=" " tag="035">
      <subfield code="a">ocn875854964</subfield>
   </datafield>
   <datafield ind1=" " ind2=" " tag="040">
      <subfield code="a">NLC</subfield>
      <subfield code="b">eng</subfield>
      <subfield code="e">rda</subfield>
      <subfield code="c">NLC</subfield>
      <subfield code="d">OCLCO</subfield>
      <subfield code="d">AEU</subfield>
   </datafield>
   <datafield ind1=" " ind2=" " tag="043">
      <subfield code="a">n-cn---</subfield>
   </datafield>
   <datafield ind1=" " ind2=" " tag="049">
      <subfield code="a">UABA</subfield>
   </datafield>
   <datafield ind1=" " ind2="4" tag="050">
      <subfield code="a">LC1099.C2</subfield>
      <subfield code="b">A63 2015</subfield>
   </datafield>
   <datafield ind1=" " ind2="0" tag="055">
      <subfield code="a">LC1099.5 C3</subfield>
      <subfield code="b">A54 2015</subfield>
   </datafield>
   <datafield ind1="0" ind2="4" tag="082">
      <subfield code="a">370.1170971</subfield>
      <subfield code="2">23</subfield>
   </datafield>
   <datafield ind1=" " ind2=" " tag="090">
      <subfield code="a">LC 1099 C2 A63 2015</subfield>
      <subfield code="b">AEC</subfield>
   </datafield>
   <datafield ind1=" " ind2=" " tag="090">
      <subfield code="a">LC 1099 C2 A63 2015</subfield>
      <subfield code="b">AEU</subfield>
   </datafield>
   <datafield ind1="1" ind2=" " tag="100">
      <subfield code="a">Andrews, Jac,</subfield>
      <subfield code="e">author.</subfield>
   </datafield>
   <datafield ind1="1" ind2="0" tag="245">
      <subfield code="a">Diversity education :</subfield>
      <subfield code="b">understanding and addressing student diversity /</subfield>
      <subfield code="c">Jac J. W. Andrews, Judy Lupart.</subfield>
   </datafield>
   <datafield ind1=" " ind2="1" tag="264">
      <subfield code="a">Toronto :</subfield>
      <subfield code="b">Nelson Education,</subfield>
      <subfield code="c">[2015]</subfield>
   </datafield>
   <datafield ind1=" " ind2="4" tag="264">
      <subfield code="c">©2015</subfield>
   </datafield>
   <datafield ind1=" " ind2=" " tag="300">
      <subfield code="a">xxii, 633 pages :</subfield>
      <subfield code="b">color illustrations ;</subfield>
      <subfield code="c">26 cm.</subfield>
   </datafield>
   <datafield ind1=" " ind2=" " tag="336">
      <subfield code="a">text</subfield>
      <subfield code="b">txt</subfield>
      <subfield code="2">rdacontent</subfield>
   </datafield>
   <datafield ind1=" " ind2=" " tag="337">
      <subfield code="a">unmediated</subfield>
      <subfield code="b">n</subfield>
      <subfield code="2">rdamedia</subfield>
   </datafield>
   <datafield ind1=" " ind2=" " tag="338">
      <subfield code="a">volume</subfield>
      <subfield code="b">nc</subfield>
      <subfield code="2">rdacarrier</subfield>
   </datafield>
   <datafield ind1=" " ind2=" " tag="504">
      <subfield code="a">Includes bibliographical references and index.</subfield>
   </datafield>
   <datafield ind1="0" ind2=" " tag="505">
      <subfield code="a">Foundations, principles, and student diversity / Jac J.W. Andrews, Michelle A. Drefs, Judy Lupart, and Tim Loreman – Twenty-first-century learning and student diversity / Jennifer Lock and Sharon Friesen – Social and political issues and student diversity / George Richardson and Ingrid Johnston – Perspectives on teaching and student diversity / Jacqueline Specht and Jennifer Katz – Educational leadership, school organization, and student diversity / Diana Purvey and Patricia J. Neufeld – Teacher education, professional development, and student diversity / Tim Loreman – Educational assessment and student diversity / Henry Schulz and Bev FitzPatrick – Program planning and student diversity / Donna McGhie-Richmond and Kathy Howery – Consultation, collaboration, community partnerships, and student diversity / Rick Freeze – Elementary language and literacy education, and student diversity / Rachel Heydon and Joyce Bainbridge – Elementary science instruction and student diversity / Bonnie Shapiro – Elementary mathematics instruction and student diversity / Brent Davis and A. Paulino Preciado Babb – Elementary social studies instruction and student diversity / Carla L. Peck – Elementary performing arts and student diversity / Larry Swartz – Secondary language instruction and student diversity / Kathy Hibbert and Allison Sergeren – Secondary science instruction and student diversity / Dawn Sutherland – Secondary mathematics instruction and student diversity / Brent Davis and A. Paulino Preciado Babb – Secondary social studies instruction and student diversity / George Richardson – Secondary preforming arts and student diversity / Kathleen Gould Lundy – Classroom strategies for students with special needs / Katherine Winters, Alyssa Altomare, Mitchell Colp, and Ryan Matchullis.</subfield>
   </datafield>
   <datafield ind1=" " ind2=" " tag="596">
      <subfield code="a">21 41</subfield>
   </datafield>
   <datafield ind1=" " ind2="0" tag="650">
      <subfield code="a">Multicultural education</subfield>
      <subfield code="z">Canada</subfield>
      <subfield code="v">Textbooks.</subfield>
   </datafield>
   <datafield ind1=" " ind2="0" tag="650">
      <subfield code="a">Inclusive education</subfield>
      <subfield code="z">Canada</subfield>
      <subfield code="v">Textbooks.</subfield>
   </datafield>
   <datafield ind1="1" ind2=" " tag="700">
      <subfield code="a">Lupart, Judy Lee,</subfield>
      <subfield code="e">author.</subfield>
   </datafield>
   <datafield ind1=" " ind2=" " tag="949">
      <subfield code="a">LC 1099 C2 A63 2015</subfield>
      <subfield code="c">1</subfield>
      <subfield code="h">UAED-B</subfield>
      <subfield code="i">0162033432160</subfield>
   </datafield>
   <datafield ind1=" " ind2=" " tag="994">
      <subfield code="a">C0</subfield>
      <subfield code="b">UAB</subfield>
   </datafield>
   <datafield ind1=" " ind2=" " tag="926">
      <subfield code="a">LC 1099 C2 A63 2015</subfield>
      <subfield code="w">LC</subfield>
      <subfield code="c">1</subfield>
      <subfield code="i">0162033432160</subfield>
      <subfield code="d">1/13/2017</subfield>
      <subfield code="e">1/3/2017</subfield>
      <subfield code="l">FLOOR_2</subfield>
      <subfield code="m">UAEDUC</subfield>
      <subfield code="n">15</subfield>
      <subfield code="p">$150.00</subfield>
      <subfield code="r">Y</subfield>
      <subfield code="s">Y</subfield>
      <subfield code="t">BOOK</subfield>
      <subfield code="u">4/4/2014</subfield>
   </datafield>
   <datafield ind1=" " ind2=" " tag="926">
      <subfield code="a">LC 1099 C2 A63 2015</subfield>
      <subfield code="w">LC</subfield>
      <subfield code="c">1</subfield>
      <subfield code="i">33333001308051</subfield>
      <subfield code="d">2/11/2017</subfield>
      <subfield code="e">1/22/2017</subfield>
      <subfield code="l">CURRICULUM</subfield>
      <subfield code="m">CONCORDIA</subfield>
      <subfield code="n">6</subfield>
      <subfield code="r">Y</subfield>
      <subfield code="s">Y</subfield>
      <subfield code="t">BOOK</subfield>
      <subfield code="u">6/3/2014</subfield>
   </datafield>
</record>
